2784 4984
243 308 270 360 κ’
295 362 386 416 tvm
557 357 781 410 exarcatu
802 357 1061 442 munitatu

484 499 538 535 ·¹
732 504 848 598 'nc

234 747 240 758 ¹
398 669 573 734 Summam
595 687 674 733 vero
696 663 898 757 Hippocrati
920 667 1091 734 doctrinas
1111 675 1213 758 atque
1227 663 1345 758 expe·

297 776 436 842 nuntiae
452 768 577 836 fatuam
592 769 670 844 libri
684 772 898 837 medicinales
913 770 1152 862 conciliarunt,
1183 777 1244 860 qui
1261 771 1338 858 ejus

297 897 424 944 nomen
440 883 561 961 gerunt
574 885 607 938 et
623 871 699 939 satis
713 873 837 963 copioli
853 873 946 940 laute
969 873 1119 940 LXXII.
1143 879 1236 940 enim
1254 875 1335 939 libri

298 981 339 1072 ad
353 971 555 1066 ¹medicinam
568 983 773 1065 pertinentes
796 976 855 1042 sub
868 977 1089 1068 Hippocratis
1111 983 1253 1043 nomine
1276 978 1336 1042 ud-

298 1083 366 1150 huc
378 1077 535 1170 prostant.
566 1075 701 1146 Verum
721 1080 909 1170 permultos
924 1102 968 1146 ex
983 1079 1038 1145 his
1051 1103 1123 1149 non
1136 1081 1177 1146 ab
1190 1079 1335 1172 Hippo-

199 1249 219 1263 ..
298 1195 387 1252 crate
400 1183 491 1264 Coo,
521 1180 575 1246 lod
599 1181 640 1248 ab
659 1183 732 1249 aliis
752 1181 815 1249 effe
828 1181 1017 1272 profectos,
1050 1183 1158 1249 multa
1173 1183 1335 1274 probunt,

298 1285 430 1354 dicendi
449 1290 579 1372 generis
598 1295 632 1350 et
644 1292 862 1352 materiarum
875 1297 1152 1375 pertractaturum
1164 1284 1335 1352 diverlitas
1349 1367 1356 1380 ο

295 1389 446 1468 summa,
480 1387 681 1478 placitaque,
718 1411 801 1482 quaa
823 1385 862 1454 i'n'
883 1388 1060 1478 permultis
1080 1400 1334 1477 proponuntur,

299 1515 367 1560 non
380 1485 595 1581 Hippocratis
610 1491 838 1582 temporibus,
860 1491 917 1557 sed
933 1489 1123 1580 longepost
1134 1513 1215 1555 eum
1229 1513 1248 1555 a
1261 1512 1334 1560 me-

300 1596 381 1661 dicis
394 1600 519 1682 partim
535 1597 686 1676 inventa,
714 1601 837 1685 partim
860 1599 897 1660 in
912 1594 1144 1660 medicinalem
1158 1592 1334 1660 scientiam

301 1697 466 1764 translata.
496 1683 597 1776 Qbod
617 1720 751 1788 quoquo
771 1698 841 1784 jum
862 1709 987 1763 veteres
1001 1708 1219 1762 monuerant
1238 1689 1334 1761 Hinc

183 1803 186 1811 '
300 1806 437 1890 quinam
451 1803 581 1888 proprii
595 1800 815 1901 Hippocratis
830 1801 909 1866 libri
925 1801 1064 1890 putandi
1076 1798 1159 1889 lint,
1193 1805 1332 1889 quinem

300 1903 423 1992 spurii,
445 1917 538 1966 nunc
556 1903 782 1976 ‘enarrandum
803 1904 857 1971 est.
890 1903 992 1986 Quod
1005 1925 1084 1968 vero
1097 1911 1136 2006 pt
1152 1904 1333 1968 commodo

300 2005 374 2072 fieti
389 2002 505 2096 potiit,
529 2006 691 2096 quaedam
716 2006 757 2072 do
778 2007 900 2087 modo,
925 2029 992 2096 qno
1010 2011 1095 2073 reris
1109 2005 1332 2094 Hippocratis

210 2123 217 2136 “
282 2107 396 2176 ·libris
422 2104 494 2172 salli
521 2115 694 2198 potuerint
724 2109 924 2190 immisceri,
961 2109 1002 2174 da
1029 2108 1191 2175 scribendi
1214 2103 1334 2188 modo,

301 2211 442 2277 dialecto
457 2221 538 2294 cat„
568 2211 688 2302 quibus
704 2210 930 2302 Hippocrates
944 2211 1020 2278 ulus
1042 2209 1104 2302 est,
1131 2232 1193 2276 nec
1206 2207 1332 2276 nonde

297 2317 524 2401 argumentis,
557 2305 640 2404 qnae
665 2313 877 2403 pertractall'e
898 2336 996 2405 eum,
1030 2325 1131 2404 atque
1156 2335 1230 2381 non
1253 2331 1333 2404 pec-

183 2413 186 2422 ’
301 2415 450 2484 tructalle
465 2415 621 2494 credibile
636 2416 697 2512 est,
722 2417 969 2510 praemonenda
989 2416 1076 2511 lunt.
1259 2419 1279 2436 '

792 2621 841 2697 V.

404 2745 462 2836 vt'
478 2783 555 2828 vero
581 2758 822 2850 distinguantur
843 2759 939 2842 libri,
978 2781 1054 2828 vera
1074 2759 1115 2826 ab
1139 2758 1333 2848 Hippocra-

303 2875 337 2935 te
360 2865 494 2956 scripti,
524 2863 648 2947 abiis,
677 2887 760 2954 quos
786 2877 843 2930 aut
867 2887 936 2930 non
961 2861 1167 2952 conlcn'pfit‚
1187 2870 1245 2943 ant
1269 2855 1333 2923 lal-

215 3027 220 3038 .
302 2976 366 3034 tim
391 2991 459 3044 nun
475 2967 599 3059 edidit,
629 2969 782 3055 regulam
801 2967 986 3058 quandam,
1014 2958 1105 3056 quod
1125 2965 1197 3053 jam
1213 2961 1334 3030 Gune-

304 3051 416 3158 nusb)
440 3075 596 3161 ,monuit,
631 3082 664 3136 at
689 3070 785 3138 Lnn.
809 3070 1050 3163 Lanosws‘),
1086 3090 1163 3135 rere
1181 3063 1333 3168 garmani

371 3301 403 3370 h)
420 3303 455 3356 In
472 3319 603 3377 prooem.
621 3321 729 3358 comm.
746 3303 781 3360 in
796 3299 864 3358 libr.
881 3301 1025 3390 Hippocr.
1043 3299 1079 3357 da
1094 3299 1212 3356 lanmcr.
1228 3321 1260 3377 p.
1274 3293 1334 3360 50⁸·

305 3403 348 3446 tc.
362 3387 443 3446 V111.
464 3387 508 3442 ed.
529 3387 626 3443 Chart.

373 3487 566 3556 diudicium
592 3489 723 3564 Operum
743 3489 846 3566 Magni
865 3488 1063 3564 Hippocratis.
1093 3486 1237 3543 Salamaut
1260 3439 1334 3538 ὧδὲ·

305 3585 332 3644 8ο
348 3593 379 3648 p.
396 3583 421 3639 5.
452 3571 518 3637 [Vir
535 3571 582 3628 Ill.
601 3575 638 3628 ll.
649 3577 679 3628 F.
694 3577 781 3630 Ltus
798 3569 958 3642 *tattaadt
974 3569 1004 3623 d.
1017 3571 1090 3628 Kdn.
1104 3567 1203 3627 Atad.
1218 3570 1248 3626 d.
1266 3569 1336 3640 Wlf-

303 3654 415 3728 finscd.
426 3661 456 3707 tn
467 3655 541 3712 Bari.
554 3662 585 3708 tn
597 3655 626 3713 d.
634 3660 662 3713 J.
680 3657 757 3727 1814.
773 3655 848 3714 1815.
865 3679 895 3734 p.
907 3656 978 3728 223.)
993 3659 1024 3713 in
1038 3678 1069 3713 ea
1082 3659 1212 3734 versatur
1225 3661 1336 3715 santen-

134 3781 138 3796 .
229 3757 241 3768 ‘
276 3735 279 3744 ’
306 3743 360 3808 tia,
381 3757 414 3796 ut
427 3741 544 3812 statuat,
569 3763 606 3798 no
625 3763 717 3800 unum
739 3745 859 3818 quidam
871 3743 997 3806 librum,
1015 3743 1067 3819 qui
1081 3738 1131 3797 tat
1145 3741 1334 3818 Hippocratis

305 3825 425 3906 nomine
441 3825 562 3893 alluat,
588 3841 666 3883 certo
682 3846 731 3884 aut
744 3829 934 3906 Hippocrati,
960 3827 1109 3883 Gnotidici
1129 3824 1211 3894 filio,
1235 3825 1334 3904 magud

222 3939 228 3969 ι
304 3909 491 3983 Hippocratis
506 3930 579 3976 aro,
597 3927 646 3966 aut
662 3913 734 3970 hnic
748 3914 818 3990 ipa,
844 3928 892 3967 aut
905 3911 1080 3986 Hippocrati
1100 3913 1154 3966 ΙΙΙ.
1168 3927 1197 3967 et
1216 3915 1268 3978 IV.
1287 3913 1335 3968 tri·

255 4052 261 4062 ,
304 3993 358 4050 bui
370 3993 465 4069 polle:
484 4013 572 4070 opatu
588 3997 665 4051 anim
682 3998 753 4054 hacc
766 4019 782 4053 a
796 3999 844 4054 sex
859 3997 977 4052 divariia
995 3993 1162 4052 auctoribus
1177 3999 1333 4076 compolita

305 4078 377 4142 elsa,
404 4080 689 4156 quiantet..quu1n
710 4085 827 4150 literae,
859 4082 1054 4158 inprimisque
1069 4101 1113 4137 m
1134 4083 1248 4141 medica
1267 4083 1333 4140 Alc·

304 4161 440 4218 mirice
461 4160 612 4227 licuerunt,
635 4167 783 4240 vix'iil'aut.
817 4167 994 4225 Sententiam
1015 4165 1090 4222 hauc
1105 4163 1218 4224 iirmrre
1233 4169 1333 4234 studet,

296 4247 410 4323 'partim
427 4245 510 4322 styli,
533 4253 641 4326 partim
658 4254 807 4314 doctrinis
825 4253 1037 4332 [ytemtisque
1051 4253 1224 4313 ditttfitm·
1245 4257 1302 4335 'llol

824 4590 836 4636 l
