2784 4984
441 227 781 326 marocaarra.
967 243 975 277 ³
1070 277 1137 332 m

77 452 320 522 commentarii
373 451 505 537 quarti:
544 443 715 534 ‚‚Galcni,
752 449 818 526 ait,
856 436 1139 526 commentarium
1230 459 1236 472 ‘

80 562 225 648 quintum
256 549 517 620 infecundum
551 549 771 637 Hippocratis
798 545 928 618 librum
953 557 992 616 iu
1018 570 1138 639 gracco
1198 608 1202 616 .

81 671 163 726 textu
185 681 271 736 non
300 657 518 744 reperimus,
544 650 601 718 effi
625 651 692 720 duo
716 653 810 718 illiue
837 652 1001 750 (arabica)
1021 679 1141 727 exem·

83 763 175 854 plaia
189 758 302 850 apud
316 780 384 824 nos
400 755 628 826 exstiterunt.“
648 795 700 812 --
724 755 817 822 Tum
832 753 1020 846 sequuntur
1035 761 1142 828 Corn·

74 878 215 936 menter.
233 861 307 928 VI.
334 867 373 926 in
397 857 569 950 Hippocr.
588 857 647 929 lib.
666 859 709 929 ΙΙ.
729 870 829 949 atque
850 860 987 928 Comm.
1002 861 1028 928 I.
1045 863 1089 934 Π.
1108 875 1144 930 ct

76 969 178 1038 Μία
193 966 262 1032 ΙΙΙ.
282 966 368 1033 libr.
385 963 554 1052 Hippocr.
577 957 629 1016 -'-
655 961 774 1037 Codex
795 962 964 1052 posterior
984 987 1042 1034 no.
1058 967 1147 1039 doti

79 1083 238 1139 exaratus
256 1091 358 1136 auno
374 1067 499 1154 Egiraa
526 1085 611 1158 707.
635 1088 726 1134 anno
749 1064 830 1135 Chr.
853 1077 922 1137 nat.
949 1070 1146 1141 anamiim
1261 1139 1266 1158 ,
1336 1035 1342 1046 ¹

80 1180 215 1266 punctis
244 1173 438 1238 diceriticia
457 1169 713 1259 comprehendit
736 1167 858 1236 Galeni
882 1180 1147 1252 commentario:
1179 1255 1184 1266 ι

81 1275 270 1345 l-Vlll.
289 1280 330 1356 in
346 1273 483 1341 sextum
497 1272 625 1338 librum
637 1271 908 1361 Epidcmiorum.
937 1271 996 1340 Ad
1019 1276 1147 1346 calcem

82 1381 184 1470 hujus
207 1378 346 1446 codicis
367 1376 496 1442 accedit
507 1375 694 1456 Horam,
719 1375 845 1442 horum
860 1377 1025 1448 librorum
1041 1385 1148 1448 intor-

83 1491 209 1577 pretia,
237 1477 509 1570 animadversio,
537 1500 657 1569 quam,
679 1483 757 1569 quia
773 1478 877 1545 Cosiri
896 1480 982 1546 liber
1004 1487 1042 1548 in
1059 1507 1148 1572 pau-

87 1609 208 1656 corum
234 1582 403 1678 mauibpa
429 1588 512 1666 erit,
542 1580 599 1648 hic
620 1585 774 1671 repetam
797 1604 842 1648 ex
869 1583 963 1662 illim
979 1585 1147 1656 carfiano:

89 1691 272 1776 „Galenus
301 1708 387 1772 ergo
411 1697 480 1750 trec
509 1683 612 1752 edidit
639 1691 902 1754 commentarios
930 1692 967 1754 in
995 1695 1150 1778 primum

90 1797 366 1863 Ermssmonmr
387 1787 533 1870 librum,
564 1811 649 1878 quoa
667 1790 796 1876 syriace
815 1795 903 1874 101³,
928 1791 1059 1858 arabica
1079 1791 1150 1864 Am
1199 1831 1220 1860 κ,

97 1899 272 1966 Gmm
302 1894 503 1959 Monam
534 1891 613 1958 Bra
640 1894 752 1959 Musa
773 1893 961 1960 transtulitz
986 1894 1047 1962 sex
1069 1919 1150 1968 vcro

97 2003 184 2068 illius
196 2001 472 2068 commentarios
486 2001 524 2060 in
540 1995 723 2062 secundum
736 1995 996 2084 Epidemiorum
1010 1997 1151 2085 librum,

30 2165 34 2180 ,
99 2125 246 2195 quorum
262 2121 425 2186 graecum
440 2098 620 2186 exemplar
633 2120 735 2187 penes
749 2121 806 2165 mc
819 2098 903 2181 fuit,
927 2101 1022 2168 valde
1037 2114 1153 2172 tanam

99 2203 321 2284 mendosum,
346 2201 591 2290 interpolatum
607 2213 640 2266 et
653 2200 850 2286 confusum,
871 2201 914 2270 ad
928 2225 1072 2270 examen
1096 2231 1153 2274 re-
1294 2173 1308 2244 .'

100 2320 254 2390 vocatos,
277 2327 400 2392 graece
413 2310 568 2394 primum
581 2303 753 2396 exscripfi‚
777 2303 1040 2402 deindosyriaoe
1053 2317 1152 2378 verti:

103 2435 185 2502 quos
209 2421 247 2476 et
272 2408 411 2476 arabice
430 2407 543 2497 postea
574 2405 645 2474 Aar
666 2407 838 2476 Garum
860 2410 1054 2478 Moaaaran
1073 2415 1152 2481 Bra
1254 2412 1259 2424 '

105 2515 216 2582 Musa
230 2516 413 2582 convertit.
448 2511 623 2594 Praeterea
652 2515 688 2576 in
703 2533 744 2579 eo
760 2515 949 2602 exemplari
964 2537 1010 2582 ex
1034 2516 1155 2585 Galen}

106 2619 365 2684 commentariis
389 2637 477 2680 tanus
501 2617 544 2701 (i.
558 2635 588 2683 e.
608 2615 768 2704 quintus)
791 2621 931 2684 omnino
952 2615 1157 2705 defidoraba-

108 2731 172 2786 tur.
195 2719 367 2810 Ceteram
378 2715 651 2799 Ameriam,
677 2741 781 2808 quam
799 2707 1013 2787 inchoaverat
1032 2723 1157 2790 verfio-

107 2845 187 2890 nem
207 2821 402 2901 arabicam,
427 2819 472 2888 ob
494 2819 605 2887 casum
629 2822 815 2910 quendam,
839 2828 898 2912 qui
916 2818 968 2890 illi
986 2825 1157 2897 librorum

107 2941 267 2994 meorum
289 2922 401 2990 cauffo
419 2928 579 3010 contigit,
611 2924 782 2992 absolvero
804 2949 875 2992 non
897 2933 1022 3017 potuit.
1049 2926 1102 2996 At
1119 2936 1159 2996 in

109 3027 246 3094 sextum
260 3019 664 3115 Epidemiorum'librum
678 3039 757 3096 octo
772 3027 1159 3117 scripfitGplcouacom-

111 3138 321 3220 mentorics,
346 3130 386 3195 ab
401 3135 468 3202 Joa
483 3129 610 3217 syriaca
626 3130 796 3214 redditos,
818 3137 878 3222 qui
898 3157 1018 3202 omnes
1040 3135 1160 3203 nostris

111 3234 287 3301 codicibus
301 3239 531 3304 continentur.
562 3237 639 3304 Jam
653 3257 733 3301 vero
754 3235 902 3302 Galenus
924 3249 1058 3326 praetor
1077 3262 1160 3328 qua·
1188 3272 1192 3280 ¹

111 3348 196 3413 tuor
208 3338 311 3404 bosco
326 3333 433 3404 libros
447 3359 518 3404 non
531 3330 613 3404 alios
630 3337 805 3428 exposuit,
828 3339 953 3405 relictis
973 3347 1091 3408 cetaria
1110 3347 1163 3410 vi·

114 3420 238 3507 dedicet
246 3438 312 3507 IV.
328 3439 374 3512 V.
381 3453 416 3507 ct
429 3439 500 3522 vl,
521 3463 604 3529 quos
615 3463 790 3530 nunquam
804 3454 1048 3511 commentatae
1064 3445 1119 3527 eii,
1127 3457 1162 3514 et
1177 3454 1181 3468 '
1219 3448 1223 3456 ’

111 3556 278 3634 tanquam
298 3543 434 3634 spurios
452 3565 492 3609 ac
505 3543 585 3610 ficto
599 3542 818 3633 Hippocratis
830 3552 970 3612 nominc
982 3547 1088 3617 editoe
1101 3549 1163 3622 haff

113 3647 198 3718 buit
225 3646 385 3737 Denique
403 3647 533 3714 Galeni
552 3651 801 3735 commentariis
821 3654 857 3714 in
879 3648 1059 3719 secundum
1076 3652 1165 3743 Epi-

113 3749 306 3819 dauniorum
320 3744 450 3822 librum
465 3755 503 3816 in
519 3755 604 3816 meis
619 3749 754 3837 syriacis
768 3760 802 3816 et
813 3752 1164 3825 arabiciaverfionibua

114 3855 221 3940 adjeci
242 3857 404 3945 quasdam
427 3861 468 3922 in
491 3853 742 3942 Hippocratem
771 3867 886 3938 notar,
915 3877 1000 3948 quac
1025 3857 1068 3926 ad
1088 3883 1165 3928 orac

113 3957 235 4026 cadim
248 3979 297 4026 mr
313 3961 519 4030 MlarloNE
536 3968 705 4022 accurunt.
732 3955 805 4022 Hac
819 3971 953 4048 praeter
971 3982 1028 4028 me
1051 3985 1179 4046 nemo·

114 4063 203 4149 quod
223 4064 344 4158 sciam,
363 4060 563 4132 transtulit.
589 4057 685 4124 Alica
701 4058 809 4157 cdidit¹
824 4063 972 4130 Galenus
992 4069 1028 4132 in
1049 4065 1167 4132 lauda-

116 4175 164 4232 tos
183 4167 455 4260 Epidcmiomm
480 4162 604 4245 libros,
632 4184 779 4276 quotum
807 4188 875 4235 nan
900 4166 962 4234 nifi
982 4168 1165 4238 admodum
