2784 4984
257 343 338 397 xm
523 343 746 398 rtrsrours
767 317 1029 398 utranam

260 521 309 586 tia·
325 535 394 582 nou
405 509 505 606 suut,
531 507 641 584 textui
654 475 958 610 interponersntnr.
982 517 1087 600 Quod
1101 503 1332 610 aphorismis

259 619 428 710 praeabis
444 620 579 704 accidit,
598 621 737 713 aliisque
753 621 954 713 quibusdam
976 621 1088 707 libris,
1108 622 1151 690 nd
1167 647 1336 714 muscas·

259 716 354 808 τικὴν
368 723 623 814 pertinentibus.
733 751 736 755 ’

754 963 819 1034 IX·
950 1059 957 1078 a

364 1135 482 1220 Quum
506 1143 621 1227 itaque
647 1149 685 1206 et
710 1137 845 1228 copiosa
867 1137 991 1207 occasio
1012 1135 1117 1204 faerit
1138 1117 1342 1206 librorum¹

263 1237 459 1327 spuriorum
476 1245 562 1306 veris
576 1252 676 1332 atque
691 1247 845 1328 genuinis
866 1242 963 1308 libris
977 1241 1197 1331 Hippocratis
1216 1239 1329 1306 infe·

137 1353 139 1360 ’
196 1337 197 1340 “
264 1341 469 1426 rendorum,
492 1355 524 1410 et
538 1343 651 1434 ipsum
666 1345 859 1448 spanorum
871 1345 1040 1411 librorum
1055 1344 1329 1464 Hippocraten-

264 1463 345 1512 rum
358 1467 539 1515 numerum
553 1453 717 1534 exiguum
737 1447 885 1514 essenon
898 1447 1038 1530 debers,
1060 1447 1132 1534 jam
1147 1467 1192 1511 ex
1211 1445 1327 1512 dictis

173 1541 175 1546 ’
265 1547 490 1635 intelligatur,
518 1550 607 1639 quod
631 1561 664 1616 et
682 1545 957 1617 Avousrtutts
944 1571 1015 1638 Jatn
1041 1550 1197 1639 probarit
1218 1547 1326 1615 libro

266 1661 384 1718 contra
401 1649 558 1718 Faustum
573 1651 687 1720 XXII.
703 1676 731 1720 c.
748 1655 779 1725 6.
795 1653 923 1720 dicens:
946 1658 1072 1727 Nonne
1080 1647 1151 1740 sub
1169 1651 1325 1732 HIPPO-

267 1760 417 1836 cndrts,
442 1752 632 1854 nobiltffimt'
651 1761 793 1846 medici,
816 1759 1105 1851 nominequi'dam
1124 1758 1206 1828 tetra·
1223 1777 1327 1849 pro·

226 1909 235 1928 ι
268 1859 347 1946 suti,
371 1863 411 1930 in
432 1867 672 1942 auctoritatem
692 1889 715 1932 a
730 1863 872 1933 medicis
890 1866 1018 1955 recepti
1037 1887 1106 1935 non
1116 1854 1224 1952 suns,
1248 1884 1325 1929 nac

269 1963 324 2033 eoa
338 1966 471 2056 atij'uvit
484 1957 644 2036 nonnullo
654 1969 983 2062 fimilr'tudo'remm
1003 1981 1103 2060 atque
1122 1965 1342 2059 verborum,

224 2061 231 2074 ¹
271 2071 406 2164 quttndo
422 2075 614 2164 comparati
625 2077 690 2153 eis,
710 2098 793 2166 quos
806 2095 884 2142 vere
895 2069 1144 2137 Hn’t’ocltffls
1159 2064 1217 2163 ff
1231 2093 1323 2136 con·

272 2173 444 2266 staret,
427 2199 576 2266 emporus
591 2177 744 2263 judicati
754 2173 860 2265 sunt,
882 2173 1073 2271 plurimum
1095 2168 1246 2253 interest,
1270 2179 1323 2236 nt

60 2273 64 2286 '
208 2347 211 2356 ,
270 2283 387 2356 notas,
424 2278 545 2364 quibus
574 2285 644 2344 veri
685 2266 909 2367 Hippocratei
943 2275 1031 2340 libri
1058 2272 1325 2360 distinguantur,

271 2367 475 2445 snurre'mus.
506 2378 643 2469 Eaeque
664 2391 764 2446 notae
783 2383 909 2469 partim
932 2398 977 2443 ex
997 2376 1075 2466 ipsis
1094 2375 1206 2457 libris,
1226 2396 1324 2464 quos

169 2553 171 2565 Α
226 2483 228 2488 ’
268 2473 517 2568 Hippocratem
540 2505 616 2548 rete
634 2481 792 2572 scripsisse
813 2480 955 2561 constet,
977 2479 1207 2558 desumuntur,
1230 2497 1322 2566 pur-

271 2584 335 2646 tim
350 2603 392 2646 ex
407 2579 711 2674 antiquissimorum
727 2597 903 2651 auctorum
917 2583 1123 2656 testimoniis.
1147 2579 1206 2648 At
1217 2583 1325 2669 prio-

273 2703 329 2748 res
343 2685 433 2775 quod
448 2693 586 2772 attinet,
609 2687 689 2754 libri
706 2687 748 2754 ab
768 2687 981 2776 Hippocrate
1002 2684 1183 2773 conscripti
1205 2687 1326 2749 conti«-

272 2798 354 2851 nsnt
383 2789 586 2857 morborum
610 2791 849 2881 descriptiones
868 2800 979 2880 atquo
1006 2785 1181 2868 historias,
1213 2787 1324 2876 plano

103 2875 120 2922 ⁸·
234 2887 242 2910 '¹
270 2885 454 2957 secundum
477 2905 632 2961 nuturam
658 2893 842 2982 expreisas,
865 2890 976 2958 causas
998 2888 1183 2958 eorundem
1204 2893 1325 2955 mani-

187 3003 192 3011 ·
259 2988 368 3057 ¹festas
384 2999 445 3080 (ut
459 2995 560 3077 adeo,
583 2997 642 3063 ubi
659 2995 806 3088 abditas,
833 3018 914 3086 quus
929 2993 1109 3082 dogmatici
1128 2991 1204 3082 post
1223 2990 1328 3081 Etp-

273 3107 448 3183 pocrotetn
463 3098 738 3190 introducebant,
759 3109 926 3166 enarratas
941 3097 1087 3184 legeris
1075 3116 1112 3161 an
1127 3095 1216 3161 libro
1215 3092 1326 3190 Hip-

273 3205 453 3284 pocrutao,
472 3213 529 3295 aut
549 3202 631 3284 alia,
654 3223 739 3294 quaa
763 3207 800 3267 in
820 3207 927 3286 aegris
946 3197 1118 3266 manifesta
1136 3219 1207 3264 non
1230 3195 1323 3278 sunt,

275 3297 317 3365 ad
338 3305 485 3396 θεωρίαν
506 3304 703 3394 spectantia,
731 3316 824 3371 certo
847 3302 984 3370 credere
1004 3299 1124 3392 pollis,
1144 3294 1226 3366 eum¹
1244 3320 1323 3366 non

225 3441 226 3450 ι
274 3399 339 3467 esse
353 3397 598 3503 Hippocratis)
620 3420 654 3474 at
676 3430 722 3475 ex
735 3407 857 3475 iisdem
878 3405 1029 3472 historiis
1049 3415 1151 3496 atqua
1171 3383 1324 3491 descrip-

152 3563 155 3572 ι
271 3507 422 3574 tionibus
435 3509 507 3578 ded
508 3522 589 3577 rctes
602 3510 866 3601 propositiones,
889 3509 1117 3600 utplurimum
1136 3505 1324 3608 generales,

140 3629 142 3638 ’
273 3631 344 3675 nou
358 3609 457 3679 facile
475 3612 628 3705 sibiipsis
643 3614 924 3693 contradicentes,
945 3624 979 3677 et
994 3633 1076 3701 quas
1088 3592 1324 3675 universaliter

273 3733 367 3780 veras
382 3713 608 3809 Hippocrates
622 3717 720 3800 dixit,
729 3722 852 3785 ruroin
862 3713 1062 3806 quibusdum
1073 3724 1208 3778 tantum
1222 3728 1324 3777 mar·

271 3817 323 3881 bis
344 3826 513 3904 aegrisve,
534 3818 648 3887 sedin
664 3820 829 3888 omnibus
847 3840 950 3887 veras.
984 3810 1090 3906 (th
1111 3811 1324 3882 Aur.P11·

163 3971 169 3990 ι
272 3937 390 4001 mont,
406 3921 548 3992 Comitis
561 3921 782 4012 inghelfredi,
800 3931 885 3988 orat
901 3918 1128 4008 Hippocrates
1141 3915 1321 4004 systemate

275 4043 383 4112 neque
398 4025 570 4107 conflarit,
590 4025 704 4116 'neque
722 4021 869 4108 admisit,
893 4021 949 4090 sed
970 4018 1055 4088 solas
1072 4017 1322 4088 observationes

118 4129 121 4138 '
223 4174 232 4190 „
256 4124 264 4151 '¹
277 4123 323 4192 est
338 4127 551 4198 consectatus.
572 4127 685 4196 Patav.
713 4128 821 4220 1764.
844 4127 892 4209 t.)
922 4126 969 4192 Et
991 4123 1074 4190 haec
1089 4121 1323 4212 Hippocrates

275 4227 412 4330 tradidit
429 4235 580 4299 oratione
592 4231 766 4323 perbrevi,
788 4229 879 4298 undo
898 4227 1033 4298 Gaiano
1053 4245 1125 4296 non
1139 4247 1223 4312 ⁴raro
1238 4225 1324 4320 tipa-
