2784 4984
475 377 792 442 narrocnarrs.
963 396 966 402 ·
1084 379 1153 432 ccv

544 543 725 639 ων.
793 603 797 610 .

212 670 373 814 Polybus,
396 710 498 809 gener
518 743 557 788 ac
570 721 751 812 discipulus
766 711 1005 810 Hippocratis,
1029 735 1062 789 ct
1077 672 1170 794 telle

108 829 268 896 clinno
282 833 322 892 in
343 820 420 891 libr.
440 825 608 914 Hippoer.
634 825 674 890 de
692 835 813 889 notura
833 821 979 890 hnmano
995 847 1116 896 earnm.
1130 829 1156 895 Ι.

108 953 326 1024 prooemp.
349 924 409 1018 94.
434 940 519 994 toto.
541 925 600 993 Ill.
618 924 745 994 Chart
763 921 1052 1016 διαδεξάμενος
1015 955 1073 1013 την
1094 929 1157 1002 τῶν

110 1041 190 1106 νέων
203 1031 465 1125 esoooaeatrov,
443 1060 481 1111 ος
495 1023 589 1102 οὐδὲν
602 1027 683 1113 olore
696 1031 852 1148 spoliator
866 1025 1083 1122 μετακινήσας
1097 1031 1158 1105 τῶν
1272 1023 1276 1038 ’

109 1133 348 1231 Ἱπποκράτους
362 1129 552 1228 δογμάτων,
572 1139 693 1200 citatur
707 1135 777 1223 jorn
801 1135 841 1200 ob
864 1131 1039 1202 Aristotele
1050 1135 1158 1220 IlL5

115 1239 273 1310 lrilloriac
293 1242 509 1319 animalium,
535 1261 594 1328 qur
583 1236 733 1310 librum
747 1233 911 1344 Hippoct'
907 1241 966 1301 rtis
986 1235 1027 1302 do
1040 1249 1159 1308 natura

116 1332 560 1432 humano,utja1nlupra
580 1345 792 1422 monuimus,
825 1363 876 1410 nr.
902 1339 960 1406 54.
962 1349 1009 1426 §.
1035 1348 1092 1407 25.
1107 1343 1157 1408 illi
1274 1382 1287 1424 ικ

119 1446 269 1534 exprelle
294 1445 426 1515 tribuit
477 1443 583 1510 Multi
604 1447 704 1509 etiam
727 1427 782 1508 alii
801 1443 882 1510 libri
900 1442 1008 1511 eidem
1026 1441 1158 1559 Poljbo

10 1542 14 1553 '
119 1549 352 1616 adscribuntur
360 1572 476 1640 ,quos
491 1545 640 1614 luoloeo
655 1551 852 1616 notavimus.
1054 1559 1086 1568 ”“

562 1816 724 1893 xxxv.

224 1963 348 2058 Etiam'
358 1991 400 2058 ad
416 1989 685 2073 Hirrocnarnn
699 1996 904 2074 Gnosrnrcr,
924 2005 959 2060 et
973 1991 1014 2062 ad
1028 1985 1162 2068 Hiaross

124 2115 286 2175 enimn,
306 2102 490 2166 Trisson
504 2094 631 2172 filium,
647 2095 776 2184 deripio
787 2098 947 2164 nonnullo
962 2097 1062 2164 relata
1076 2099 1162 2178 sunt,

127 2223 207 2283 spirae
236 2205 326 2263 inter
346 2199 453 2264 libros
479 2197 696 2284 Hippocratis
718 2199 839 2278 nostri,
868 2199 1063 2266 Heraclidae
1091 2201 1164 2281 filii,

2 2372 4 2403 ;
126 2301 298 2387 leguntur,
319 2313 359 2366 ut
377 2300 449 2387 jana
471 2298 532 2365 luo
551 2301 627 2366 loco
646 2300 858 2368 observatum
874 2302 927 2368 cll.
977 2307 1106 2372 Verum
1121 2304 1163 2368 de

1 2418 4 2461 ε
127 2405 179 2467 lrie
195 2403 332 2492 allisque
351 2402 508 2488 medicis,
537 2403 820 2501 Hippoemlissyel
840 2405 934 2484 liliis,
955 2417 992 2472 nt
1007 2403 1162 2472 Thelialo
1234 2387 1246 2399 λ’
1281 2478 1284 2486 ,

2 2586 4 2599 .
50 2534 54 2543 ·
125 2507 331 2586 trtDrocone,
356 2505 613 2591 veldisoipulis,
640 2505 847 2587 utProdico,
866 2507 1034 2596 Dexippo,
1055 2507 1162 2597 Apol.

127 2609 236 2688 lenio,
260 2619 334 2674 tum
350 2607 458 2674 Ctelie
474 2605 791 2690 etTheopaedonte,
814 2611 867 2676 vel
883 2609 1083 2698 aequalibus,
1108 2622 1167 2676 ant

128 2719 228 2777 etiam
241 2709 496 2801 antiquioribus,
515 2709 947 2793 ntPhaeone'firePhaone,
963 2711 1164 2792 Plrilillione,

129 2815 262 2883 Eudoxi
278 2812 389 2878 cnidii
405 2823 643 2904 praeceptore,
669 2810 839 2897 Aristone,
861 2813 1069 2902 Pherecyde,
1096 2815 1167 2903 Py-

129 2917 258 2999 thocle,
278 2913 429 2996 Phileto,
460 2912 656 2995 Amineae,
681 2916 820 2998 Pittulo,
841 2913 1065 3001 Archidamo,
1090 2917 1165 2984 Me-

2 3074 3 3121 ,
132 3032 225 3102 tone,
265 3019 518 3104 Eryximoclre,
558 3029 633 3084 tum
654 3015 696 3084 de
717 3015 872 3101 Acrone,
904 3032 1039 3087 anctore
1058 2998 1188 3088 iecrae'

133 3129 327 3212 empiricac,
340 3121 393 3193 de
407 3119 629 3210 Apollonide,
650 3118 834 3206 Antigone,
855 3069 1031 3208 lieginaio,
1053 3123 1165 3210 Eury.

2 3242 3 3293 ἶ
132 3227 259 3334 phonte
280 3223 421 3306 Cnidio,
453 3235 488 3288 et
508 3221 549 3288 de
570 3221 796 3312 philosophis,
839 3225 1020 3291 medicinae
1038 3231 1166 3315 peritis,

2 3398 3 3403 ,
41 3376 44 3395 .
131 3314 289 3408 Thalete,
309 3274 521 3414 Pherdcyde,
545 3325 764 3415 Epimenides,
793 3325 938 3407 Toxari,
965 3325 1165 3415 Pythagora,

2 3416 4 3497 l
133 3430 304 3512 Zumolxi,
345 3428 569 3520 Empedocle,
609 3427 786 3511 Pausania,
827 3423 1047 3513 Alcinoeone,
1084 3431 1167 3518 Epi-
1203 3431 1206 3440 ’

2 3536 3 3557 ³
134 3533 286 3618 choma,
313 3529 480 3613 Eudoxo,
505 3530 665 3614 Timaeo,
694 3529 891 3613 Heraclito,
917 3479 1112 3598 Democrito
1134 3542 1168 3598 et

133 3635 295 3725 Diagora,
309 3635 462 3725 ‚deniqne
476 3632 734 3724 deMachaonc,
765 3633 951 3717 Podalirio,
984 3635 1168 3722 Melampu,

2 3760 3 3823 ῖ
135 3738 282 3807 Chirone
303 3749 338 3804 et
360 3739 436 3804 aliie
457 3737 701 3826 antiquioribus
720 3733 986 3828 Aesculapioque
1006 3748 1039 3802 et
1057 3733 1168 3802 schola

135 3837 412 3933 Asclepiadarnm
435 3837 636 3908 consulenda
658 3838 834 3908 Dnurnrns
858 3838 1012 3906 Cunnicr
1035 3835 1168 3906 historia

135 3946 278 4028 medice,
302 3950 399 4034 parte
419 3949 549 4035 prime,
584 3945 680 4030 eujus
700 3940 788 4008 libro
803 3946 902 4008 tertio
923 3942 1100 4030 diligenter
1115 3945 1188 4014 inss,

136 4053 251 4134 primis
280 4048 324 4114 ad
346 4067 490 4113 examen
514 4057 646 4113 revocat
673 4044 796 4135 scriptu
826 4043 1045 4134 Hippocratis
1068 4041 1167 4132 ipsius

137 4151 226 4218 etde
247 4155 393 4219 inventis
413 4148 486 4237 ejus
512 4160 612 4239 atque
631 4148 811 4214 observetis
832 4147 994 4236 disputat,
1037 4159 1070 4214 et
1101 4167 1168 4232 qno

137 4273 236 4342 nsque
249 4256 308 4324 ille
325 4253 503 4323 salutarem
515 4250 684 4321 scientium
692 4256 904 4342 provexerit,
919 4251 1067 4323 ostendit.
1096 4249 1167 4336 [Ex
