2784 4984
373 327 377 334 ’
476 324 806 414 ureracnrria
1049 345 1172 422 nm.

9 582 14 599 Ι
76 519 110 574 et
130 506 217 591 Ill„
242 508 444 602 ἓπιὸημιῶν
457 513 578 606 l‘oripti
592 537 708 604 graece
725 515 856 582 exstant
877 519 914 581 iir
926 511 1005 586 bibl.
1019 535 1091 603 reg.
1104 517 1169 588 lta.

9 602 15 714 l
77 613 139 680 ris.
162 637 230 685 no.
258 619 382 708 2174.
412 619 498 686 Pars
522 619 673 707 ejusdem
698 623 934 689 commentarii
952 641 1032 686 cam
1051 630 1167 690 textui

9 737 10 788 t
76 721 185 806 parte
199 723 246 783 in
258 720 392 788 eadem
415 721 620 788 bibliotheca
635 723 716 787 lat'et
731 743 786 792 no.
797 721 904 793 2165.
926 715 1037 786 Aliud
1049 743 1166 792 exem·

5 796 9 902 l
76 819 164 906 pler
176 843 363 908 graecum
379 823 486 892 exiiet
499 831 537 889 in
549 824 629 892 bibl.
646 822 691 890 Ι).
715 824 826 890 Marci
846 821 937 892 Ven.
950 825 1030 890 telle
1046 825 1166 893 Mont-

4 975 7 994 ,
83 919 177 992 [auc.
201 924 235 994 Ι.
259 947 301 1016 p.
335 933 425 1019 47²·
456 932 626 1000 Arabicae
645 925 756 994 codex
780 931 953 992 invenitur
969 938 1008 1017 et
1028 911 1167 1017 quidem

80 1035 208 1092 textus
234 1040 350 1120 atque
372 1036 696 1098 commentariorum
711 1035 818 1096 trium
832 1029 952 1095 Geloni
972 1034 1009 1095 in
1031 1041 1166 1099 utrum-

92 1151 156 1219 que
171 1131 320 1198 librom
334 1139 373 1197 in
380 1133 578 1234 Scorialenll
590 1133 670 1202 bibl.
679 1127 705 1224 Ι)
717 1130 788 1200 hoo
799 1132 919 1198 titulo:
936 1131 1049 1198 Keteb
1058 1133 1165 1211 elem·
1237 1125 1243 1140 ⁸
1316 1140 1325 1172 ⁸

97 1233 179 1297 redb
197 1233 393 1302 aluakedat
410 1237 443 1302 le
457 1235 613 1307 Bocratb.
639 1234 807 1302 Herbelot
823 1259 856 1324 p.
871 1235 958 1317 480,
981 1233 1065 1301 Alio
1077 1242 1164 1304 titu-
1255 1225 1262 1242 ⁸

95 1336 146 1404 lo:
172 1334 363 1407 Abidima.
383 1337 524 1408 Herbel.
539 1361 574 1428 p.
601 1363 657 1410 ro.
672 1336 895 1429 Hippocratis
914 1339 1163 1425 epidemiorum
1237 1383 1240 1387 ›

94 1439 175 1504 libri
195 1438 284 1510 Vll.
300 1446 491 1531 interprete
505 1442 652 1510 Leontio
674 1440 717 1507 ad
736 1441 894 1507 Leonem
912 1437 950 1506 X
973 1439 1102 1507 exllant
1123 1447 1163 1511 in

94 1540 179 1610 bibl.
196 1543 316 1609 Leur.
330 1545 426 1610 Med.
439 1545 525 1634 plat.
544 1545 600 1632 73.
615 1539 841 1611 Moitrnavc.
857 1541 885 1608 Ι.
900 1566 935 1633 p.
952 1543 1037 1610 381.

202 1644 494 1717 VERSIONES.
526 1647 580 1712 De
604 1645 811 1714 berfionibne
832 1644 1001 1712 librorum
1020 1643 1160 1736 Hippo-

96 1756 202 1813 cratis
219 1762 258 1814 et
275 1751 426 1816 aliorum
443 1749 651 1818 medicorum
662 1762 816 1819 veterum
829 1755 866 1816 in
880 1748 1045 1815 arabicam
1059 1759 1160 1839 etque
1296 1789 1306 1806 ι

95 1853 254 1942 reliquas
269 1853 453 1919 orientales
466 1853 598 1940 linguae
615 1853 802 1920 tenendam
817 1856 1004 1940 generatim
1019 1849 1081 1934 eli,
1103 1874 1158 1918 ear
1194 1887 1197 1896 ·

96 1961 156 2021 rix
182 1955 345 2021 multum
369 1955 411 2020 ad
432 1967 567 2022 textam
589 1967 646 2023 aut
668 1959 887 2042 integriorem
908 1952 1159 2038 rellituendum,

96 2071 155 2122 aut
178 2057 271 2124 arleo
295 2057 467 2146 adipsum
488 2057 735 2149 Hippocratem
756 2059 877 2124 melina
897 2055 1158 2142 intelligendum

95 2157 228 2226 faeere.
259 2157 527 2250 Antiquiffimae
549 2185 568 2227 a
589 2162 702 2250 Syris,
720 2160 890 2228 'idiomate
911 2158 1042 2248 syriaco
1062 2181 1158 2226 com·
1241 2237 1250 2254 θ

95 2261 249 2352 politae,
279 2263 445 2330 verlionea
466 2268 601 2354 penitus
623 2263 886 2346 interciderunt,
906 2261 1014 2328 titalia
1040 2283 1157 2328 aarum

95 2365 218 2432 sotum
235 2366 479 2455 superstitibus.
500 2365 679 2441 Verlioaee
692 2364 842 2434 arabicae
864 2386 1060 2454 graecorum
1075 2363 1156 2453 phi-

95 2467 353 2557 losophorum,
382 2457 672 2562 albonomornm,
697 2469 1015 2552 mathematicorum
1032 2480 1065 2532 et
1081 2487 1156 2533 me-

97 2571 266 2638 dicor-nm
282 2573 384 2659 longe
405 2574 573 2662 plurimae
594 2570 727 2639 saeculo
741 2569 803 2638 IX.
827 2569 1040 2638 Aculeone
1051 2549 1084 2654 ιί)
1099 2574 1154 2634 in-

96 2679 230 2764 primis
244 2687 383 2741 euctore
400 2674 604 2766 conscriptae
620 2675 716 2764 sunt,
739 2675 924 2764 etquidem
943 2697 1014 2740 non
1035 2695 1154 2740 omnen

99 2799 119 2843 e
140 2797 268 2863 graeca
290 2779 408 2864 lingua
424 2783 461 2842 in
476 2777 561 2844 hano
574 2779 769 2860 translatae,
792 2777 849 2842 ted
871 2789 910 2842 nt
928 2777 1116 2867 plurimum
1133 2795 1153 2840 e

98 2879 245 2966 lyn'aca.
278 2880 334 2944 De
354 2879 504 2946 verlione
524 2875 669 2972 operum
686 2879 923 2983 Hippocratis,
948 2877 1037 2967 jallu
1053 2877 1153 2943 Anu·

97 3001 219 3048 ΗΜ
239 2983 484 3049 Ammonis
513 2995 657 3050 exeunte
685 2983 815 3050 saeculo
832 2981 928 3054 VIII.
948 3003 967 3048 a
990 2981 1152 3068 Georgia,

99 3085 176 3150 lilio
192 3085 437 3170 Boctlechnae,
462 3083 651 3153 Christiano
672 3086 873 3154 Nestoriano
890 3083 1057 3165 conlecta,
1079 3103 1150 3147 non

103 3200 199 3255 certo
217 3187 362 3280 scimus,
392 3199 510 3254 annm
538 3209 557 3255 e
581 3188 709 3277 syriaca
728 3187 893 3271 vernone,
925 3211 969 3254 an
990 3207 1011 3255 ο
1030 3205 1149 3273 graeco
1241 3191 1245 3198 ’

105 3291 330 3396 textutnertt
344 3291 445 3358 facte.
468 3289 584 3360 Pollae
596 3285 1001 3378 Honnmrbfiliilieeci,
1027 3285 1150 3357 verlic-

104 3469 310 3494 μ

170 3591 198 3664 i)
216 3594 304 3650 Celiri
322 3591 409 3648 catal.
433 3589 501 3648 cori.
527 3609 580 3648 rna.
606 3591 682 3648 bibl.
705 3591 878 3650 Sooaialem·
901 3611 932 3669 p.
949 3582 1012 3643 250.
1038 3561 1147 3643 Haliei·

109 3677 236 3734 bibliotlr.
259 3679 339 3736 med.
362 3691 461 3752 praet.
484 3690 527 3730 te.
547 3679 571 3733 1.
592 3695 624 3752 p.
641 3671 684 3734 33.
708 3678 762 3753 qni
784 3677 893 3736 horum
921 3676 1057 3732 coelicam
1082 3692 1144 3733 om·

111 3765 182 3819 nium
196 3765 381 3820 mentionem
400 3759 489 3816 fecit.

160 3875 191 3948 b)
207 3883 274 3942 vid.
297 3885 456 3938 Sume.
474 3873 565 3951 preel.
584 3878 619 3931 ad
639 3876 780 3940 arabicam
798 3874 914 3932 tabulae
938 3876 1054 3932 Cebetis
1081 3891 1145 3930 ver-

102 3966 204 4035 boru,
221 3984 251 4026 ct
272 3969 351 4024 Sm-
381 3961 531 4020 Ocmx
555 3959 641 4034 prael.
665 3963 702 4016 ed
723 3961 853 4016 librumt
877 3961 940 4016 Tbe
963 3959 1097 4034 conquest
1114 3954 1149 4012 ol

99 4057 177 4132 Syria,
207 4057 307 4114 Perlie
336 4049 404 4108 and
429 4049 557 4119 Aegypt
579 4045 620 4119 by
643 4045 693 4102 the
722 4049 866 4103 saracene.
891 4047 987 4102 Lond.
1014 4043 1093 4113 ¹7⁰⁸·
1118 4041 1145 4100 8.

93 4145 173 4206 lua.
941 4187 945 4195 ,

137 4265 157 4338 l)
172 4264 245 4329 Vici.
271 4261 499 4316 arumna.
521 4259 562 4301 to.
580 4249 618 4303 ll.
635 4245 711 4304 bibl.
737 4249 842 4306 orient.
858 4271 888 4326 p.
906 4261 967 4316 271.
985 4249 1023 4323 tq.
1042 4249 1147 4304 lurra.
1272 4333 1280 4348 .
