2784 4984
292 379 356 432 m
382 347 390 357 ’
562 373 782 440 nteronra
805 363 1063 450 surculata

292 549 506 631 Perdiccam,
540 542 727 615 Alexandri
747 546 800 619 M.
829 564 900 627 non
920 563 1069 642 patrem,
1101 551 1162 621 tet
1182 548 1350 645 fratrem,

290 651 431 734 Philan,
457 651 612 740 pellicem
630 657 754 741 patria,
780 653 910 742 perdite
930 667 1099 725 amentem
1113 667 1147 722 et
1162 678 1206 725 ex
1220 680 1351 727 amore

67 761 71 773 ¹
159 827 178 836 .,
291 778 449 843 aegrum,
480 753 705 842 Euryphonte
727 755 849 823 Cnidio
871 761 908 822 iu
935 757 1115 825 curationis
1143 757 1351 828 societatem

291 859 428 940 adscito,
447 855 568 923 seualle
581 857 713 938 dicitur,
728 879 813 948 quae
827 858 939 926 fabula
956 880 1000 926 ex
1015 860 1138 928 celebri
1153 863 1211 929 illa
1225 861 1355 929 Eruli:

291 963 384 1032 strati
398 965 570 1027 curatione
585 972 660 1026 nuta
675 959 739 1027 ella
751 960 893 1030 vidum.
925 962 1047 1052 Neque
1069 965 1213 1032 multam
1234 965 1351 1032 fidem

166 1045 167 1052 ἵ
234 1119 236 1124 ,
289 1076 485 1146 merentur,
505 1085 589 1152 quae
607 1061 648 1128 de
661 1063 897 1153 Hippocrate,
911 1071 946 1131 in
961 1065 1135 1153 Illyricum
1154 1067 1350 1157 plurimas-

293 1190 359 1260 que
377 1179 481 1233 terras
495 1165 668 1248 barbaras,
693 1167 791 1255 pestis
806 1168 1005 1234 avertendae
1015 1168 1120 1234 cunila
1132 1181 1257 1236 vocato
1268 1171 1365 1249 ,eb'

294 1269 413 1362 eodem
435 1280 570 1336 auctore
594 1281 782 1335 narrantur.
811 1267 941 1338 Pellem
962 1275 999 1334 in
1013 1266 1127 1338 Attica
1143 1291 1220 1337 eum
1239 1292 1346 1360 prae-

289 1372 524 1465 dixillohtque
538 1371 750 1462 praevidiffe,
771 1373 978 1463 euraffeqne,
1006 1395 1048 1438 ne
1068 1373 1221 1462 discipuli
1237 1386 1346 1464 atque

233 1495 253 1512 '⁴
293 1483 440 1544 civitates
461 1495 500 1541 ee
520 1472 789 1564 corriperenturss
815 1482 943 1564 pariter
963 1475 1153 1544 fabulosum
1175 1476 1230 1560 est,
1262 1475 1344 1566 Ipse

290 1586 403 1671 enim,
429 1577 638 1645 'morborum
660 1577 740 1643 elias
761 1577 953 1644 observator
974 1576 1046 1646 tam
1066 1578 1215 1669 sedulus,
1251 1579 1346 1646 hanc

41 1677 48 1694 ⁸
160 1668 173 1746 A
292 1676 404 1763 luem,
435 1703 518 1771 quae
539 1679 679 1770 Olymp.
700 1678 919 1752 LXXXVII.
942 1681 1090 1772 adeoque
1117 1704 1158 1750 eo
1179 1694 1344 1771 tempore

232 1817 235 1824 ·
293 1785 496 1874 graffchatur
518 1788 555 1851 iu
577 1781 707 1864 Attica,
736 1806 803 1871 quo
823 1784 1049 1872 Hippocrates
1070 1805 1196 1851 annum
1219 1790 1343 1851 aetatis

292 1885 500 1975 lrigcfimum
513 1891 575 1950 vix
589 1892 752 1983 attigerat,
764 1886 853 1950 haud
867 1887 966 1974 dubie
980 1888 1201 1968 memorallet,
1215 1908 1343 1976 neque,

294 1989 388 2082 quod'
406 2001 520 2054 tamen
545 1995 630 2064 vitae
652 1987 729 2054 suae
750 1999 867 2054 auctor
890 2000 1017 2070 namot,
1045 1995 1191 2056 civitates
1210 2014 1232 2055 a
1246 1989 1341 2078 peste

291 2091 515 2186 praeservatur
531 2091 611 2171 etta,
632 2089 847 2179 Thucydides
860 2101 1035 2172 memorat,
1061 2095 1120 2181 qui
1133 2096 1248 2181 potius
1266 2116 1343 2157 nra·

294 2198 385 2264 dicos
398 2191 521 2262 morbo
537 2192 684 2264 curando
699 2194 837 2260 idoneos
851 2215 959 2283 neque
973 2193 1084 2275 fuiffe,
1108 2216 1216 2282 neque
1233 2191 1342 2260 suffe·

172 2329 187 2348 e
292 2297 369 2363 cille
381 2294 546 2386 perhibet.
568 2295 659 2361 Hinc
671 2315 771 2384 quam
792 2293 894 2362 fidem
915 2307 1108 2362 mereantur
1127 2303 1340 2362 narrationes
1377 2348 1378 2351 ,

291 2401 334 2467 de
350 2397 553 2479 honoribus,
575 2397 780 2486 Hippocrati
787 2394 934 2464 Athenis
951 2395 1094 2479 habitis,
1118 2398 1159 2463 de
1173 2420 1214 2464 eo
1231 2400 1341 2464 Eleu·

243 2489 250 2497 ·
293 2503 381 2569 fiolis
397 2499 495 2566 sacris
510 2497 551 2566 ab
565 2495 825 2567 Athenienfibus
840 2506 990 2584 initiato,
1017 2501 1058 2568 de
1074 2499 1252 2584 alimentis,
1274 2497 1339 2590 ipli

215 2682 230 2697 ..
268 2605 496 2700 ¹pollensque
510 2599 600 2670 sure
591 2625 627 2668 ιιι
639 2601 809 2690 Prytaneo
826 2604 927 2688 datis,
959 2626 1093 2695 qnoque
1115 2599 1337 2693 perspicitur.
1356 2614 1370 2636 ‘

292 2707 364 2799 ipse
379 2711 469 2773 enim
484 2705 734 2796 Hippocrates
724 2729 761 2771 ιιι
775 2705 888 2788 libris,
915 2729 999 2798 quos
1020 2706 1090 2794 ipse
1108 2701 1258 2794 scripfit,
1272 2725 1338 2772 nec

290 2809 509 2890 morborum,
540 2830 624 2898 quos
647 2812 683 2873 in
699 2804 814 2875 Attice
834 2809 1070 2891 observaverit,
1098 2831 1161 2875 nec
1181 2806 1339 2872 Athena

232 2953 235 2960 ,
292 2931 371 2980 rum
392 2907 475 2976 adeo
497 2916 704 2976 mentionem
725 2907 814 2982 facit.
835 2909 1015 3002 Antiquos
1036 2922 1150 2978 tamen
1173 2909 1339 3001 quosdam

292 3014 513 3106 Hippocratis
525 3020 725 3102 interpretes
740 3026 816 3080 ante
831 3013 997 3082 Galerium
1012 3015 1155 3105 putaffe,
1184 3012 1337 3082 historias

292 3117 509 3196 morborum,
531 3113 676 3182 Athenis
693 3115 961 3198 observatorum,
990 3117 1032 3184 ab
1046 3116 1259 3206 Hippocrate
1280 3135 1338 3180 re·

229 3208 231 3214 ’
292 3219 396 3311 ferri,
421 3241 464 3284 ex
484 3217 611 3304 Galeno
627 3230 737 3305 patet,
770 3223 829 3308 qui
848 3219 1042 3301 mulierem,
1072 3241 1157 3308 qnae
1176 3222 1232 3288 tut
1253 3238 1337 3315 pev-

248 3359 249 3362 ¹
291 3327 372 3396 δέων
391 3315 494 3418 ἀγορῇ
513 3319 726 3408 aegrotalle
713 3320 754 3386 ab
774 3319 984 3410 Hippocrate
1004 3322 1103 3410 Epid.
1118 3320 1177 3387 111.
1198 3343 1233 3411 p.
1252 3340 1336 3413 720

243 3468 250 3480 »
292 3434 341 3493 to
355 3425 383 3496 l.
400 3425 451 3491 ed.
465 3421 567 3490 Lind.
584 3421 722 3505 dicitur,
749 3419 931 3490 secundum
944 3428 1169 3515 interpretum
1183 3443 1336 3514 quorun

293 3527 371 3612 dam
393 3531 607 3617 opinionem,
640 3531 724 3616 quos
749 3547 830 3594 vero
855 3549 926 3593 non
951 3530 1122 3607 nominet,
1157 3523 1250 3597 ἐν
1209 3555 1248 3624 τη
1269 3519 1336 3600 τῶν

292 3627 479 3729 Κιριαιῖιιωιι
493 3621 600 3721 chyopoa
582 3624 808 3696 Athenienfi
820 3629 999 3717 aegrotalle
1014 3625 1167 3719 perbibet
1173 3636 1211 3717 ἰ

393 3733 489 3802 Haec
509 3739 629 3800 emnia.
647 3731 723 3821 post
744 3731 881 3799 obitum
888 3733 1108 3821 Hippocratis
1121 3731 1258 3797 demum
1271 3751 1336 3796 ex-

294 3839 440 3926 cogitata
461 3835 539 3902 fiant
560 3857 580 3900 a
599 3835 757 3918 medicis,
785 3840 844 3926 qni
862 3835 1060 3901 rationalem
1074 3832 1215 3916 lectam,
1236 3833 1334 3921 cujus

203 3953 208 3958 '
248 3989 254 3994 -
293 3952 466 4007 auctorem
492 3937 740 4030 Hippocratem
773 3937 837 4006 effe
862 3935 1042 4030 putabant,
1080 3935 1334 4047 profitebantur,
1368 3987 1373 3995 .

292 4102 500 4124 m

362 4188 387 4257 a)
411 4188 511 4245 Galen.
524 4205 630 4246 comm·
641 4189 680 4248 11.
697 4185 824 4266 inepte
829 4189 921 4268 Hipp.
937 4190 990 4246 ΙΙΙ
1003 4204 1108 4249 text·
1081 4204 1108 4261 9·
1117 4207 1148 4268 p
1139 4181 1215 4244 ²55.
1228 4200 1269 4262 to·
1277 4183 1331 4253 IX·

254 4273 384 4354 Opct.
401 4275 444 4332 ed·
464 4273 563 4332 chart.
