2784 4984
437 316 786 377 tauroentum..
1084 319 1126 372 11

69 489 169 570 dam),
198 497 235 552 et
252 462 406 576 prdeter
425 483 493 554 hoe
509 486 688 554 Corneliae
704 477 861 572 certast)
877 482 1042 554 reseranti
1067 487 1126 582 ted

20 616 23 710 y
67 589 149 658 hunc
173 611 246 656 nou
272 601 545 686 praeceptorem
561 589 707 660 habuisse
719 587 987 678 Hippocratem,
1009 597 1128 658 amici·

20 713 22 780 t
68 701 141 762 uam
154 714 237 757 vero
254 713 341 756 cum
357 715 401 760 eo
416 691 571 773 ooluiffe,
596 691 629 774 fi,
655 715 738 782 quae
756 697 794 755 iu
808 691 964 781 epistolia,
989 691 1128 784 Hippo-

21 805 22 850 i
69 802 141 862 crati
162 794 375 882 adscriptio,
410 807 672 884 proponuntur,
692 817 777 862 reru
792 792 879 874 sunt,
900 798 1129 881 magieeredi·
1161 805 1174 815 “

19 928 22 969 ε
70 901 129 965 bile
149 898 201 966 cst.
242 897 324 988 [Ab
343 897 557 988 Hippocrate
577 898 898 967 nonDemocritum
922 899 1053 986 ipsum,
1073 899 1129 968 sed

20 986 24 1041 Ῐ
74 1002 129 1067 dib
124 1003 273 1088 ipulum
298 1005 396 1084 eine,
431 999 687 1084 Metrodorum,
716 998 813 1102 fuiffe
837 1000 1011 1100 auditum,
1031 1013 1130 1091 putat

20 1104 21 1171 ;
72 1111 265 1192 Jauemsp.
286 1106 349 1172 24.
372 1103 513 1192 ileum]

20 1223 21 1230 ’
165 1207 287 1274 Patria
310 1207 430 1272 relicta
450 1205 602 1272 Thasum
622 1211 740 1294 petiit,
777 1203 892 1296 ibique
914 1229 977 1296 per
997 1156 1129 1295 aliquot

17 1316 21 1387 ¹,
76 1333 172 1378 umus
190 1309 408 1376 medicinam
430 1308 528 1390 fecit,
564 1319 597 1374 et
617 1309 754 1397 quidem
776 1331 846 1373 uon
865 1313 1024 1378 tantum
1014 1333 1051 1374 ua
1065 1311 1129 1376 hau

18 1418 20 1491 ζ
74 1415 171 1492 urbe,
209 1411 271 1477 sed
295 1413 588 1494 otiantibderis,
621 1409 786 1493 harinae,
819 1413 1006 1484 Meliboeae
1028 1423 1129 1500 atque

75 1517 207 1602 Cyzici,
241 1514 434 1598 Thetidiae
455 1515 595 1580 urbibus
618 1536 683 1579 aon
701 1515 802 1600 longe
820 1520 843 1581 a‘
853 1514 964 1580 Thaso
979 1519 1127 1586 remotis.
1202 1507 1211 1514 ’

15 1638 20 1651 ·
72 1615 142 1685 Has
157 1624 254 1682 enim
266 1617 374 1682 urbes
388 1639 506 1684 omnes
522 1623 558 1685 iu
578 1617 672 1682 libris
688 1624 838 1684 maxime
850 1623 1003 1704 genuinis
1018 1621 1128 1702 irradia·
1215 1647 1219 1654 ·

13 1796 15 1815 ι
74 1721 153 1810 pair
167 1720 193 1788 l.
209 1731 244 1784 et
261 1719 326 1789 111.
344 1731 524 1792 memorat.
550 1721 596 1786 Et
615 1725 649 1782 in
669 1719 722 1784 hie
737 1720 913 1787 itineribus
931 1719 1129 1787 Democrito
1177 1783 1180 1790 .

13 1849 14 1852 ¹
75 1822 348 1890 innotaiffecum
362 1828 665 1910 eoqueamicitiam
674 1823 1023 1889 contraxiffevidetur.
1045 1822 1130 1888 Par·
1163 1815 1185 1824 ”

75 1928 181 1998 multa
207 1947 292 1991 eum
324 1924 436 1990 feciue
461 1931 584 1990 itinera
610 1924 673 1990 elia
700 1937 871 1991 accuratae
893 1923 1130 2012 descriptiones

10 2098 13 2109 ,
77 2046 247 2093 terrarum
267 2038 303 2091 et
318 2027 471 2094 locorum
487 2027 645 2116 probant,
661 2033 794 2115 quaein
812 2028 916 2108 libris,
934 2027 976 2092 ab
991 2050 1031 2092 eo
1047 2050 1130 2114 pro-

78 2129 192 2210 fectis,
218 2130 394 2215 leguntur.
419 2129 476 2194 Sic
497 2151 653 2216 magnam
673 2127 770 2195 Asiae
791 2143 943 2219 partem,
973 2135 1130 2218 inprimir
1152 2155 1159 2168 ’

78 2232 178 2299 Adae
192 2237 341 2298 minaria
355 2237 546 2320 provinciae
560 2231 832 2328 septentrionales
845 2231 1131 2322 peragraffeeum,

79 2359 148 2402 non
158 2335 228 2400 fine
243 2328 394 2422 plurima
407 2339 555 2400 veritatis
569 2335 676 2423 specie
685 2355 730 2400 ex
743 2332 797 2402 bie
810 2336 1030 2415 concluditur,
1047 2357 1134 2424 quae
1194 2341 1201 2360 ’

79 2437 149 2526 ipse
165 2437 207 2504 da
221 2436 278 2502 hia
293 2442 394 2501 terrie
408 2437 517 2517 dixit,
538 2448 571 2502 et
583 2443 657 2517 vix,
682 2434 743 2500 nifi
758 2439 798 2502 ab
820 2459 877 2520 eo,
905 2443 963 2528 qui
983 2437 1054 2528 ipse
1069 2436 1132 2505 ba·
1232 2481 1235 2488 -

77 2561 157 2606 rum
179 2551 352 2612 terrarum
366 2550 523 2611 naturam
539 2539 774 2620 observaverit,
797 2541 863 2606 diei
880 2533 1051 2630 paffentb)
1074 2539 1131 2606 De

81 2641 289 2706 certitudine
317 2634 528 2727 tignorum
517 2663 554 2706 m
573 2641 705 2730 Libya,
737 2641 828 2710 Delo
855 2655 889 2709 et
906 2643 1045 2732 Scythia
1064 2641 1132 2709 boo
1186 2652 1190 2661 “

83 2742 155 2810 fere
177 2742 285 2809 modo
304 2723 512 2832 loquiturk),
540 2742 630 2834 quafi
651 2742 722 2836 ipse
745 2750 831 2810 ritae
853 2745 930 2812 suae
943 2751 1130 2834 partemin

83 2846 137 2912 his
159 2851 261 2912 terris
283 2845 500 2932 transegiffet.
527 2847 676 2916 Patriam
701 2845 821 2913 debinc
836 2854 988 2938 repetiit,
1015 2849 1130 2939 ibique

86 2960 119 3013 et
139 2950 243 3039 elios,
264 2949 419 3014 mercede
439 2949 500 3038 ipfi
522 2949 614 3030 data,
633 2949 724 3090 qupd
746 2972 790 3016 ex
811 2949 889 3039 jure
912 2951 1076 3040 jurando,
1105 2949 1131 3018 fi

86 3051 150 3118 boc
165 3057 351 3138 genuinum
368 3050 429 3132 eu,
449 3063 484 3118 et
501 3075 545 3118 ex
561 3036 732 3137 Pictone¹·)
751 3052 903 3141 adparet,
928 3053 1130 3120 medicinam

91 3153 215 3232 docuit,
247 3164 281 3216 et
306 3151 415 3218 libror
435 3153 630 3243 praesertim
651 3153 715 3222 hoe
737 3154 948 3245 conscripsit,
977 3161 1036 3245 qui
1059 3178 1132 3221 non

93 3254 347 3322 liuemultifario
365 3255 478 3348 uiuet
491 3257 622 3346 copiosa
632 3256 858 3325 observatione
874 3259 1037 3326 elaborari
1054 3255 1133 3347 pos-

38 3400 51 3426 -.
96 3356 181 3450 iant,
210 3356 414 3449 praesertim
437 3382 456 3426 e
478 3359 640 3427 Grimmii
661 3373 774 3428 mente
782 3365 840 3448 ¹¹),
869 3367 1133 3464 praenotionum
1166 3409 1171 3418 .

98 3538 292 3560 —-

41 3662 51 3684 ·-
150 3641 311 3709 hirmin.
342 3643 379 3698 in
405 3639 482 3697 libr·
504 3642 539 3698 de
558 3642 681 3700 remed.
703 3657 775 3720 pa.
800 3643 870 3702 edit.
892 3645 989 3702 Leon.
1012 3644 1130 3722 Targae.

97 3724 348 3804 Lngd.Bat.1785,
372 3729 411 3783 in
426 3737 456 3795 4·
561 3785 565 3789 ,

143 3833 164 3899 ι’)
178 3833 380 3892 Viddeacre,
401 3845 473 3900 aqu.
484 3841 512 3880 et
522 3823 576 3882 loo.
593 3823 729 3904 §.busca
744 3850 775 3906 p.
782 3839 842 3900 345.
852 3831 909 3908 seq.
917 3831 949 3886 in
959 3829 1139 3906 Opor0to.1.'

134 3931 162 4003 b)
177 3935 332 4012 Hippocr.
357 3925 524 4002 Prognott.
544 3929 567 3996 d.
585 3927 611 3982 6.
627 3949 657 4004 p.
675 3940 737 3998 47¹.
756 3930 790 3986 in
809 3929 897 4005 Oper.
922 3946 964 3986 to.
983 3933 1009 3985 1.
1132 3928 1135 3936 ’

128 4034 150 4106 i)
166 4039 198 4092 in
217 4039 459 4107 Protagorap·
424 4035 524 4100 p··88
517 4026 596 4085 ·.vol
614 4033 667 4086 111.
686 4031 731 4111 od
749 4030 817 4106 Bip.

121 4141 160 4208 m)
175 4143 212 4196 In
232 4137 309 4194 viu
331 4125 563 4203 Hippocrene.
584 4107 709 4188 verbani
727 4147 849 4204 operum
862 4130 1007 4206 Hippon·
997 4150 1132 4205 ogerma·

73 4227 133 4284 dare
144 4222 326 4303 praemiss'a
344 4235 382 4290 p·
408 4223 459 4261 ¹¹·
